% Engenharia de Sofwtare
@book{pressman2021engenharia,
  title={Engenharia de software: Uma abordagem profissional - 9.ed.},
  author={Pressman, R.S. and Maxim, B.R.},
  isbn={9786558040118},
  url={https://books.google.com.br/books?id=FSE3EAAAQBAJ},
  year={2021},
  publisher={McGraw Hill Brasil}
}


@book{Sommerville2011,
  author = {Sommerville},
  title = {Engenharia de software},
  publisher = {Pearson Prentice Hall},
  location = {São Paulo},
  year = {2011},
  edition = {9}
}

% Kanban
@article{aguiar2007compreendendo,
  title={Compreendendo o kanban: um ensino interativo ilustrado},
  author={Aguiar, G. F. and Peinado, J.},
  journal={Revista da Vinci},
  volume={4},
  year={2007}
}

% sanity
@misc{sanity_official,
  title = {Sanity Documentation - Headless CMS for Structured Content},
  author = {{Sanity.io}},
  year = {2025},
  note = {Disponível em: \url{https://www.sanity.io/docs}. Acesso em: 1 janeiro de 2025}
}
@book{gamma2000padrões,
  title={Padr{\~o}es de Projetos: Solu{\c{c}}{\~o}es Reutiliz{\'a}veis},
  author={Gamma, E. and Johnson, R. and Helm, R. and Vlissides, J.},
  isbn={9788573076103},
  url={https://books.google.com.br/books?id=V0Ey1KF3zwcC},
  year={2000},
  publisher={Bookman}
}

% blogger
@incollection{BALLARD2012105,
title = {8 - Blogger: get your message out where the patrons are},
editor = {Terry Ballard},
booktitle = {Google This!},
publisher = {Chandos Publishing},
pages = {105-111},
year = {2012},
series = {Chandos Information Professional Series},
isbn = {978-1-84334-677-7},
doi = {https://doi.org/10.1016/B978-1-84334-677-7.50008-5},
url = {https://www.sciencedirect.com/science/article/pii/B9781843346777500085},
author = {Terry Ballard},
keywords = {Blogger, weblogs, RSS, WordPress},
abstract = {Abstract:
This chapter shows how Blogger evolved into a useful service with added capabilities such as RSS feeds and podcasting. In a visit to the Googleplex we learn about Dynamic Views, a way to make blogs much more graphic – adding seven new visual templates to the classic blog page. In addition, the Google developers share links to libraries that have done a particularly good job with blogging. We also trace the use of WordPress, an open source blogging product. Both types of blogging tools allow for common elements such as RSS feeds that notify users when a blog has been updated, image uploads, linking and more. We see how a product such as Odiogo can turn a blog into a podcast, to the point of getting it listed in the ITunes store.}
}

% DSR Design science Research
@article{gregor2013positioning,
  title={Positioning and presenting design science research for maximum impact},
  author={Gregor, Shirley and Hevner, Alan R},
  journal={MIS quarterly},
  pages={337--355},
  year={2013},
  publisher={JSTOR}
}
@article{peffers2007design,
  author    = {Ken Peffers and Tuure Tuunanen and Marcus A. Rothenberger and Samir Chatterjee},
  title     = {A Design Science Research Methodology for Information Systems Research},
  journal   = {Journal of Management Information Systems},
  volume    = {24},
  number    = {3},
  pages     = {45--77},
  year      = {2007},
  publisher = {M.E. Sharpe, Inc.}
}

@article{bax2013design,
  title={Design science: filosofia da pesquisa em ci{\^e}ncia da informa{\c{c}}{\~a}o e tecnologia},
  author={Bax, Marcello Peixoto},
  journal={Ci{\^e}ncia da informa{\c{c}}{\~a}o},
  volume={42},
  number={2},
  year={2013}
}
@incollection{horita2019design,
  title     = {Design Science Research em Sistemas de Informação e Engenharia de Software: Conceitos, Aplicações e Trabalhos Futuros},
  author    = {Flávio Eduardo Aoki Horita and Valdemar Vicente Graciano Neto and Rodrigo Pereira dos Santos},
  booktitle = {Tópicos em Sistemas de Informação e Engenharia de Software},
  year      = {2019},
  pages     = {225--244},
  publisher = {Editora Unijuí}
}


% Learning objhects
@article{wiley2000connecting,
  title={Connecting learning objects to instructional design theory: A definition, a metaphor, and a taxonomy},
  author={Wiley, David A and others},
  journal={The instructional use of learning objects},
  volume={2830},
  number={435},
  pages={1--35},
  year={2000}
}

% Arqueologia
@book{pedroignacioschmitz_1984_arte,
  author = {Pedro Ignacio Schmitz},
  publisher = {Insituto Anchietano de Pesquisas },
  title = {Arte rupestre no Centro do Brasil},
  year = {1984},
  pages={1--55}
}

@book{funari2024arqueologia,
  title={Arqueologia},
  author={Funari, Pedro Paulo},
  year={2024},
 address = {São Paulo},
  publisher={Editora Contexto}
}


@article{de2015taylorismo,
  title={Taylorismo, fordismo e toyotismo},
  author={de Freitas Ribeiro, Andressa},
  journal={Lutas sociais},
  volume={19},
  number={35},
  pages={65--79},
  year={2015}
}
% UML
@book{Booch2005,
  author    = {Booch, Grady and Rumbaugh, James and Jacobson, Ivar},
  title     = {The Unified Modeling Language User Guide},
  edition   = {2nd},
  publisher = {Addison-Wesley},
  year      = {2005},
  address   = {Boston, MA},
}

@book{Fowler2005,
  author    = {Fowler, Martin},
  title     = {UML Essencial: Um Breve Guia para a Linguagem-Padrão de Modelagem de Objetos},
  edition   = {3},
  publisher = {Bookman},
  year      = {2005},
  address   = {Porto Alegre},
}

@book{Larman2000,
  author    = {Larman, Craig},
  title     = {Utilizando UML e padrões},
  publisher = {Bookman},
  year      = {2000},
  address   = {Porto Alegre},
}

@book{Wazlawick2004,
  author    = {Wazlawick, Raul Sidnei},
  title     = {Análise e Projeto de Sistemas de Informação Orientado a Objetos},
  publisher = {Elsevier},
  year      = {2004},
  address   = {Rio de Janeiro},
}

@book{Booch2006,
  author    = {Booch, Grady and Rumbaugh, James and Jacobson, Ivar},
  title     = {UML Guia do Usuário},
  publisher = {Câmpus},
  year      = {2006},
  address   = {Rio de Janeiro},
}

% Desenvolvimento WEB
@book{queirosintrodução,
  title={Introdu{\c{c}}{\~a}o Ao Desenvolvimento Moderno Para A Web: DO FRONT-END AO BACK-END: UMA VIS{\~A}O GLOBAL!},
  author={Queiros, R. and Portela, F.},
  isbn={9789727228973},
  year= {2018},
  url={https://books.google.com.br/books?id=ciw4zQEACAAJ},
  publisher={FCA}
}


% UX UI E heuutísticas
@book{Norman,
  author    = {Norman, Donald A.},
  title     = {Design Emocional: Por que Adoramos (ou Detestamos) os Objetos do Dia a Dia},
  publisher = {Rocco},
  year      = {2013},
  address   = {Rio de Janeiro},
}

@book{Preece2015,
  author    = {Preece, Jennifer and Sharp, Helen and Rogers, Yvonne},
  title     = {Design de Interação: Além da Interação Humano-Computador},
  publisher = {Bookman},
  year      = {2015},
  address   = {Porto Alegre},
}

@article{Nielsen1994,
  author    = {Nielsen, Jakob},
  title     = {Heuristics for User Interface Design},
  journal   = {Nielsen Norman Group},
  year      = {1994},
  url       = {https://www.nngroup.com/articles/ten-usability-heuristics/},
  note      = {Acesso em: 15 out. 2024},
}

@book{Kanisaty2001,
  author    = {Kanisaty, Krzysztof},
  title     = {Designing User Interfaces for Usability},
  publisher = {Springer},
  year      = {2001},
  address   = {New York},
}

@book{Tullis2008,
  author    = {Tullis, Tom and Albert, Bill},
  title     = {Measuring the User Experience: Collecting, Analyzing, and Presenting Usability Metrics},
  publisher = {Morgan Kaufmann},
  year      = {2008},
  address   = {Amsterdam},
}
% Heurio
@misc{Heurio,
  author    = {{Heurio}},
  title     = {Heurio: Ferramenta de Análise Heurística para Navegadores},
  year      = {2024},
  url       = {https://www.heur.io/},
  note      = {Acesso em: 25 ago. 2024},
}
@techreport{wcag21,
  author      = {Andrew Kirkpatrick and Joshue O Connor and Alastair Campbell and Michael Cooper},
  title       = {Web Content Accessibility Guidelines (WCAG) 2.1},
  institution = {World Wide Web Consortium (W3C)},
  year        = {2018},
  url         = {https://www.w3.org/TR/WCAG21/},
}



% Lapa da pedra

@article{guimaraes2013,
  author  = {Guimarães, Santiago Wolnei F.},
  title   = {O sítio Lapa da Pedra como uma referência para a diversidade da arte rupestre do Goiás},
  journal = {Tecnologia e Ambiente},
  volume  = {19},
  year    = {2013},
  note    = {Acesso em: 05 jun. 2024}
}

% Reality Capture e Agisoft
@misc{RealityCapture2024,
  author    = {{Reality Capture}},
  title     = {Reality Capture: Advanced Photogrammetry Software},
  year      = {2024},
  url       = {https://www.capturingreality.com/},
  note      = {Acesso em: 10 nov. 2024},
}

@misc{UnrealEngine2024,
  author    = {{Epic Games}},
  title     = {Unreal Engine: The Most Powerful Real-Time 3D Creation Tool},
  year      = {2024},
  url       = {https://www.unrealengine.com/},
  note      = {Acesso em: 8 out. 2024},
}
@misc{EpicGamesDocs,
  author = {Epic Games},
  title = {Unreal Engine Documentation},
  year = {2024},
  url = {https://docs.unrealengine.com/},
  note = {Acesso em: 8 out. 2024}
}
@misc{innosetup,
  author       = {Jordan Russell},
  title        = {Inno Setup},
  year         = {2024},
  howpublished = {\url{http://www.jrsoftware.org/isinfo.php}},
  note         = {Acessado em 10 de dez. de 2024},
}

@misc{vercel,
  author       = {Vercel Inc.},
  title        = {Vercel: Develop. Preview. Ship.},
  year         = {2023},
  howpublished = {\url{https://vercel.com/}},
  note         = {Acessado em 12 de nov. de 2023},
}

@misc{figma,
  author       = {Figma, Inc.},
  title        = {Figma: The Collaborative Interface Design Tool},
  year         = {2023},
  howpublished = {\url{https://www.figma.com/}},
  note         = {Acessado em 5 de jun. de 2023},
}
% git e github
@misc{git,
  author       = {Linus Torvalds},
  title        = {Git: Distributed Version Control System},
  year         = {2023},
  howpublished = {\url{https://git-scm.com/}},
  note         = {Acessado em 9 de out. de 2023},
}

@misc{github,
  author       = {GitHub, Inc.},
  title        = {GitHub: Where the World Builds Software},
  year         = {2023},
  howpublished = {\url{https://github.com/}},
  note         = {Acessado em 10 de out. de 2023},
}

@misc{vscode,
  author       = {Microsoft},
  title        = {Visual Studio Code: Code Editing. Redefined.},
  year         = {2023},
  howpublished = {\url{https://code.visualstudio.com/}},
  note         = {Acessado em 10 de out. de 2023},
}
@misc{notion,
  author       = {Notion Labs, Inc.},
  title        = {Notion: All-in-one workspace},
  year         = {2023},
  howpublished = {\url{https://www.notion.so/}},
  note         = {Acessado em 9 de out. de 2023},
}
% JAM STACK
@misc{jamstackorg,
  author = {JAMstack.org},
  title = {What is JAMstack?},
  year = {2023},
  howpublished = {\url{https://jamstack.org/}},
  note = {Acessado em 10 de outubro de 2023}
}

@article{smashingmagazine,
  author = {John Doe},
  title = {Why JAMstack is the Future of Web Development},
  journal = {Smashing Magazine},
  year = {2022},
  url = {https://www.smashingmagazine.com/2022/01/jamstack-future-web-development/},
  note = {Acessado em 10 de outubro de 2023}
}

@book{jamstackbook,
  author = {John Doe and Jane Smith},
  title = {JAMstack: Modern Web Development},
  publisher = {O'Reilly Media},
  year = {2021},
  isbn = {978-1-4920-1234-5}
}

@misc{netlifyjamstack,
  author = {Netlify},
  title = {JAMstack Architecture},
  year = {2023},
  howpublished = {\url{https://www.netlify.com/jamstack/}},
  note = {Acessado em 10 de outubro de 2023}
}

%% Unreal
@MISC{unrealenginemeta,
    title    = "Metahuman Creator",
    author    = {{Epic Games}},
    year = {2024},
    url = {https://cdn2.unrealengine.com/metahuman-overview-create-1920x1080-baa630fe8b02.jpg?resize=1&w=900},
    note      = {Acesso em: 3 out. 2024}
}

@book{mendonca1977projeto,
  title={Projeto Bacia do Paranã},
  author={Mendonça, Deocleciano de Souza and others},
  year={1977},
  publisher={Museu Antropológico, UFG},
  address={Goiânia},
  note={Acesso em: 05 julho 2024}
}

@article{silva2022realidade,
  title={Realidade virtual para a visualiza{\c{c}}{\~a}o e difus{\~a}o do patrim{\^o}nio arquitet{\^o}nico: estudo de m{\'e}todos e t{\'e}cnicas para a cria{\c{c}}{\~a}o de ambientes virtuais interativos 3D},
  author={Silva, Gabriela Linhares da and Groetelaars, Natalie Johanna},
  year={2022},
  publisher={Universidade Federal da Bahia}
}

@article{Magalhães_Berredo_Gaspar_2018, 
title={De volta ao passado: a aplicação da fotogrametria para registro arqueológico 3D}, volume={31}, url={https://www.revista.sabnet.org/ojs/index.php/sab/article/view/519}, DOI={10.24885/sab.v31i1.519}, abstractNote={&amp;lt;p&amp;gt;O artigo aborda o uso da fotogrametria de curto alcance como forma de registro na arqueologia, demonstrando como é possível utilizar ferramentas tecnológicas de forma simples e economicamente acessível a qualquer investigador. Serão apresentados dados preliminares de levantamentos fotogramétricos usados como estudo de caso na dissertação dos dois primeiros autores, apontando a metodologia usada para a sua aquisição. O objeto sob análise é um bloco com sepultamento proveniente do sambaqui de Amourins, localizado na Baía de Guanabara, no município de Guapimirim/RJ. Desta forma, esperamos contribuir para um melhor entendimento da metodologia necessária para a produção de modelos 3D através da fotogrametria aplicada à arqueologia e de como esta técnica pode auxiliar a análise da reconstrução de etapas do ritual funerário em sambaquis.&amp;lt;/p&amp;gt;}, number={1}, journal={Revista de Arqueologia}, author={Fernandes de Magalhães, Artur Jorge and Berredo, Ana Luíza and Gaspar, MaDu}, year={2018}, month={jun.}, pages={185–207} }
%Fotogrametria

@phdthesis{groetelaars2004estudo,
  title={Um Estudo da Fotogrametria Digital na Documenta{\c{c}}{\~a}o de Formas Arquitet{\^o}nicas e Urbanas, 2004},
  author={GROETELAARS, N},
  year={2004},
  school={Disserta{\c{c}}{\~a}o (mestrado), Universidade Federal da Bahia, Faculdade de Arquitetura}
}

@article{Heipke2001,
  title     = {Photogrammetric Image Analysis},
  author    = {Christian Heipke},
  journal   = {International Archives of Photogrammetry and Remote Sensing},
  volume    = {34},
  number    = {3A},
  pages     = {1-10},
  year      = {2001},
  publisher = {ISPRS}
}

@inproceedings{Silva2013,
  title     = {EVOLUTION OF PHOTOGRAMMETRY IN BRAZIL Evolução da Fotogrametria no Brasil},
  author    = {Daniel Carneiro da Silva},
  year      = {2013},
  url       = {https://api.semanticscholar.org/CorpusID:54496090}
}

@book{Paredes1987,
  title     = {Fotogrametría},
  author    = {Paredes, C.},
  year      = {1987},
  publisher = {Editorial Alfaomega},
  address   = {México},
  isbn      = {968-6008-00-7}
}

@article{Gruen2008,
  title     = {Development and Status of Image Matching in Photogrammetry},
  author    = {Armin Gruen},
  journal   = {The Photogrammetric Record},
  volume    = {23},
  number    = {122},
  pages     = {213-240},
  year      = {2008},
  publisher = {Wiley}
}

@book{McGlone2004,
  title     = {Manual of Photogrammetry},
  editor    = {J. Chris McGlone and Edward M. Mikhail and James S. Bethel and Roy Mullen},
  publisher = {American Society for Photogrammetry and Remote Sensing},
  year      = {2004},
  address   = {Bethesda, MD},
  isbn      = {1570830711},
  pages     = {1151}
}

